<?xml version="1.0" encoding="UTF-8"?><collection xmlns="http://www.loc.gov/MARC21/slim"><record><leader>00425nam--2200157-i-4500</leader><controlfield tag="001">000001968</controlfield><controlfield tag="002">20161230</controlfield><controlfield tag="005">20161230201024</controlfield><controlfield tag="008">060222s1000------------r-----000-0-eng-d</controlfield><datafield ind1=" " ind2=" " tag="100"><subfield code="a">Goldstein, Sydney</subfield></datafield><datafield ind1=" " ind2=" " tag="245"><subfield code="a">Lectures on fluid mechanics</subfield></datafield><datafield ind1=" " ind2=" " tag="260"><subfield code="a">London, Interscience Publishers, Ltd. 1960</subfield></datafield><datafield ind1=" " ind2=" " tag="300"><subfield code="a">309 p</subfield></datafield><datafield ind1=" " ind2=" " tag="490"><subfield code="a">Lectures In Applied Mathematics</subfield><subfield code="v">vol. II</subfield></datafield><datafield ind1=" " ind2=" " tag="852"><subfield code="a">15332</subfield></datafield><datafield ind1=" " ind2=" " tag="CAT"><subfield code="a">Sys</subfield><subfield code="c">20080402</subfield><subfield code="h">142041</subfield></datafield></record></collection>